@BOOK{fourier,
  TITLE = {Fourier Analysis: An Introduction},
  SUBTITLE = {Princeton Lectures in Analysis, Volume 1},
  AUTHOR = {Elias M. Stein and Rami Shakarchi},
  YEAR = {2003},
  PUBLISHER = {Princeton University Press},
}

@BOOK{nonpar,
  TITLE = {Nonparametric Probability Density Estimation},
  AUTHOR = {Richard A. Tapia and James R. Thompson},
  YEAR = {1978},
  PUBLISHER = {Johns Hopkins University Press},
}

@BOOK{bickel,
  TITLE = {Mathematical Statistics: Basic Ideas and Selected Topics},
  AUTHOR = {Peter J. Bickel and Kjell A. Doksum},
  YEAR = {2015},
  PUBLISHER = {CRC Press},
}

@BOOK{aksoy,
  TITLE = {A Problem Book in Real Analysis},
  AUTHOR = {Asuman G. Aksoy and Mohamed Khamsi},
  YEAR = {2010},
  PUBLISHER = {Springer},
}

@BOOK{griffiths,
  TITLE = {Introduction to Quantum Mechanics},
  AUTHOR = {David J. Griffiths},
  YEAR = {2004},
  PUBLISHER = {Pearson Prentice Hall},
}

@article{monotone,
 author = {Bauer, F. L. and Stoer, J. and Witzgall, C.},
 title = {Absolute and Monotonic Norms},
 journal = {Numer. Math.},
 issue_date = {December  1961},
 volume = {3},
 number = {1},
 month = dec,
 year = {1961},
 issn = {0029-599X},
 pages = {257--264},
 numpages = {8},
 url = {http://dx.doi.org/10.1007/BF01386026},
 doi = {10.1007/BF01386026},
 acmid = {2722449},
 publisher = {Springer-Verlag New York, Inc.},
 address = {Secaucus, NJ, USA},
} 